<?xml version="1.0" encoding="utf-8"?>
<record xmlns="http://www.loc.gov/MARC21/slim" xmlns:xsi="http://www.w3.org/2001/XMLSchema-instance" xsi:schemaLocation="http://www.loc.gov/MARC21/slim http://www.loc.gov/standards/marcxml/schema/MARC21slim.xsd">
	<leader>     nam a22     Mi 4500</leader>
	<controlfield tag="001">b12385232</controlfield>
	<controlfield tag="003">LeBAU</controlfield>
	<controlfield tag="006">m        d        </controlfield>
	<controlfield tag="007">cr cn |||m|||a</controlfield>
	<controlfield tag="008">190821s1931    sy      o     ||0 0 ara d</controlfield>
	<datafield ind1=" " ind2=" " tag="040">
		<subfield code="a">ZYU</subfield>
		<subfield code="b">ara</subfield>
		<subfield code="e">rda</subfield>
		<subfield code="c">ZYU</subfield>
	</datafield>
	<datafield ind1="0" ind2="4" tag="082">
		<subfield code="a">297.8</subfield>
		<subfield code="2">22</subfield>
	</datafield>
	<datafield ind1="1" ind2=" " tag="100">
		<subfield code="6">880-01</subfield>
		<subfield code="a">Saffārīnī, Muḥammad ibn Aḥmad,</subfield>
		<subfield code="d">1702 or 1703-1774,</subfield>
		<subfield code="e">author.</subfield>
	</datafield>
	<datafield ind1="1" ind2="0" tag="245">
		<subfield code="6">880-02</subfield>
		<subfield code="a">Mukhtaṣar lawāmiʻ al-anwār al-bahīyah wa-sawāṭiʻ al-asrār al-athārīyah li-sharḥ al-durrah al-muḍīyah fī ʻaqd al-firqah al-marḍīyah /</subfield>
		<subfield code="c">ta’līf al-imām al-kabīr wa-al-muḥaqqiq al-shahīr al-shaykh Muammad al-Saffārīnī al-Nābulsī al-Ḥanbalī ; ikhtiṣār al-ʻallāmah al-mutafannin al-wariʻ al-Shaykh Ḥasan al-Shaṭṭī al-Ḥanbalī al-Dimashqī.</subfield>
	</datafield>
	<datafield ind1=" " ind2="1" tag="264">
		<subfield code="6">880-03</subfield>
		<subfield code="a">Dimashq :</subfield>
		<subfield code="b">Maṭbaʻat al-Taraqqī,</subfield>
		<subfield code="c">1350 [H.] = 1931 [M.]</subfield>
	</datafield>
	<datafield ind1=" " ind2=" " tag="300">
		<subfield code="6">880-04</subfield>
		<subfield code="a">online resource (206 pages)</subfield>
	</datafield>
	<datafield ind1=" " ind2=" " tag="336">
		<subfield code="a">text</subfield>
		<subfield code="2">rdacontent</subfield>
	</datafield>
	<datafield ind1=" " ind2=" " tag="337">
		<subfield code="a">computer</subfield>
		<subfield code="2">rdamedia</subfield>
	</datafield>
	<datafield ind1=" " ind2=" " tag="338">
		<subfield code="a">online resource</subfield>
		<subfield code="2">rdacarrier</subfield>
	</datafield>
	<datafield ind1=" " ind2=" " tag="500">
		<subfield code="a">Part of the Arabic Collections Online (ACO) project, contributed by American University of Beirut's Jafet Memorial Library.</subfield>
	</datafield>
	<datafield ind1=" " ind2=" " tag="533">
		<subfield code="a">Electronic reproduction.</subfield>
		<subfield code="b">New York, N.Y. :</subfield>
		<subfield code="c">New York University,</subfield>
		<subfield code="d">2019.</subfield>
		<subfield code="5">NNU</subfield>
	</datafield>
	<datafield ind1="1" ind2="4" tag="600">
		<subfield code="a">السفاريني، محمد بن احمد،</subfield>
		<subfield code="d">1702 او 1703-1774.</subfield>
		<subfield code="t">لوامع الأنوار البهية وسواطع الأسرار الأثرية لشرح الدرة المضية.</subfield>
	</datafield>
	<datafield ind1="1" ind2="0" tag="600">
		<subfield code="a">Saffārīnī, Muḥammad ibn Aḥmad,</subfield>
		<subfield code="d">1702 or 1703-1774.</subfield>
		<subfield code="t">lawāmi‘ al-anwār al-bahīyah wa-sawāṭi‘ al-asrār al-athārīyah li-sharḥ al-Durrah al-muḍīyah.</subfield>
	</datafield>
	<datafield ind1=" " ind2="4" tag="650">
		<subfield code="a">الاسلام</subfield>
		<subfield code="x">عقائد</subfield>
		<subfield code="v">اعمال قديمة حتى 1800.</subfield>
	</datafield>
	<datafield ind1=" " ind2="4" tag="650">
		<subfield code="a">المذهب الحنبلي</subfield>
		<subfield code="v">اعمال قديمة حتى 1800.</subfield>
	</datafield>
	<datafield ind1=" " ind2="0" tag="650">
		<subfield code="a">Islam</subfield>
		<subfield code="x">Doctrines</subfield>
		<subfield code="v">Early works to 1800.</subfield>
	</datafield>
	<datafield ind1=" " ind2="0" tag="650">
		<subfield code="a">Hanbalites</subfield>
		<subfield code="v">Early works to 1800.</subfield>
	</datafield>
	<datafield ind1="1" ind2=" " tag="700">
		<subfield code="6">880-05</subfield>
		<subfield code="a">Shaṭṭī, Ḥasan ibn ʻUmar,</subfield>
		<subfield code="d">1790 or 1791-1858,</subfield>
		<subfield code="e">abridger.</subfield>
	</datafield>
	<datafield ind1="2" ind2=" " tag="710">
		<subfield code="a">Jafet Memorial Library.</subfield>
	</datafield>
	<datafield ind1="0" ind2=" " tag="730">
		<subfield code="a">Arabic Collections Online.</subfield>
	</datafield>
	<datafield ind1="0" ind2="8" tag="776">
		<subfield code="i">Print version:</subfield>
		<subfield code="a">Saffārīnī, Muḥammad ibn Aḥmad, 1702 or 1703-1774, author.</subfield>
		<subfield code="t">Mukhtaṣar lawāmiʻ al-anwār al-bahīyah wa-sawāṭiʻ al-asrār al-athārīyah li-sharḥ al-durrah al-muḍīyah fī ʻaqd al-firqah al-marḍīyah</subfield>
		<subfield code="w">(LeBAU)b12385232</subfield>
	</datafield>
	<datafield ind1="0" ind2=" " tag="787">
		<subfield code="6">880-06</subfield>
		<subfield code="i">is abridgement of (work)</subfield>
		<subfield code="4">http://rdaregistry.info/Elements/w/P10125:</subfield>
		<subfield code="a">Saffārīnī, Muḥammad ibn Aḥmad, 1702 or 1703-1774.</subfield>
		<subfield code="t">Lawāmiʻ al-anwār al-bahīyah wa-sawāṭiʻ al-asrār al-atharīyah : li-sharḥ al-durrah al-muḍīyah fī ʻaqd al-firqah al-marḍīyah.</subfield>
		<subfield code="b">al-Ṭabʻah al-ūlá.</subfield>
		<subfield code="d">al-Riyāḍ, al-Mamlakah al-ʻArabīyah al-Saʻūdīyah : Dār al-Tawḥīd lil-Nashr, 1437 H. = 2017 M.</subfield>
		<subfield code="w">b1920775x</subfield>
	</datafield>
	<datafield ind1="4" ind2="0" tag="856">
		<subfield code="u">http://hdl.handle.net/2333.1/z08kq1gb</subfield>
	</datafield>
	<datafield ind1="1" ind2=" " tag="880">
		<subfield code="6">100-01</subfield>
		<subfield code="a">السفاريني، محمد بن احمد،</subfield>
		<subfield code="d">1702 او 1703-1774،</subfield>
		<subfield code="e">مؤلف. </subfield>
		<subfield code="4">aut.</subfield>
	</datafield>
	<datafield ind1="1" ind2="0" tag="880">
		<subfield code="6">245-02</subfield>
		<subfield code="a">مختصر لوامع الأنوار البهية وسواطع الأسرار الأثرية لشرح الدرة المضية في عقد الفرقة المرضية /</subfield>
		<subfield code="c">تأليف الإمام الكبير والمحقق الشهير الشيخ محمد السفاريني النابلسي الحنبلي ؛ إختصار العلامة المتفنن الورع الشيخ حسن الشطي الحنبلي الدمشقي.</subfield>
	</datafield>
	<datafield ind1=" " ind2="1" tag="880">
		<subfield code="6">264-03</subfield>
		<subfield code="a">دمشق :</subfield>
		<subfield code="b">مطبعة الترقي،</subfield>
		<subfield code="c">1350 [هـ.] = 1931 [م.]</subfield>
	</datafield>
	<datafield ind1=" " ind2=" " tag="880">
		<subfield code="6">300-04</subfield>
		<subfield code="a">206 صفحات ؛</subfield>
		<subfield code="c">24 سم</subfield>
	</datafield>
	<datafield ind1="1" ind2=" " tag="880">
		<subfield code="6">700-05</subfield>
		<subfield code="a">الشطي، حسن بن عمر،</subfield>
		<subfield code="d">1790 او 1791-1858،</subfield>
		<subfield code="e">مختصر. </subfield>
		<subfield code="4">abr.</subfield>
	</datafield>
	<datafield ind1="0" ind2=" " tag="880">
		<subfield code="6">787-06</subfield>
		<subfield code="i">مختصر ل (عمل)</subfield>
		<subfield code="4">http://rdaregistry.info/Elements/w/P10125:</subfield>
		<subfield code="a">السفاريني، شمس الدين محمد بن احمد، 1702-1774.</subfield>
		<subfield code="t">لوامع الأنوار البهية وسواطع الأسرار الأثرية : لشرح الدرة المضية في عقد الفرقة المرضية.</subfield>
		<subfield code="b">الطبعة الاولى.</subfield>
		<subfield code="d">الرياض، المملكة العربية السعودية : دار التوحيد للنشر، 1437 هـ. = 2017 م.</subfield>
		<subfield code="w">b1920775x</subfield>
	</datafield>
	<datafield ind1=" " ind2=" " tag="959">
		<subfield code="a">NNU</subfield>
		<subfield code="b">WEB</subfield>
		<subfield code="c">GENI</subfield>
		<subfield code="t">0</subfield>
		<subfield code="m">Electronic access</subfield>
		<subfield code="s">01</subfield>
	</datafield>
	<datafield ind1=" " ind2=" " tag="999">
		<subfield code="i">LeBAU_b12385232</subfield>
		<subfield code="s">aub_aco002534</subfield>
		<subfield code="e">(ERROR-MISC)</subfield>
	</datafield>
</record>
